<record><leader>00000cas a2200000   4500</leader><controlfield tag="001">5132653</controlfield><controlfield tag="008">790703c19uu9999fluwr ne      0   a0eng d</controlfield><controlfield tag="009">467</controlfield><datafield ind1=" " ind2=" " tag="010"><subfield code="a">sn 79003258 </subfield></datafield><datafield ind1=" " ind2=" " tag="040"><subfield code="a">NSD</subfield><subfield code="b">eng</subfield><subfield code="c">NSD</subfield><subfield code="d">OCL</subfield><subfield code="d">OCLCQ</subfield></datafield><datafield ind1=" " ind2=" " tag="012"><subfield code="k">1</subfield><subfield code="m">d</subfield></datafield><datafield ind1="1" ind2=" " tag="022"><subfield code="a">0192-2777</subfield><subfield code="l">0192-2777</subfield><subfield code="2">1</subfield></datafield><datafield ind1=" " ind2=" " tag="042"><subfield code="a">nsdp</subfield></datafield><datafield ind1=" " ind2="4" tag="222"><subfield code="a">The Mirror</subfield><subfield code="b">(Miramar)</subfield></datafield><datafield ind1="0" ind2="4" tag="245"><subfield code="a">The Mirror.</subfield></datafield><datafield ind1=" " ind2=" " tag="260"><subfield code="a">Miramar, Fla.,</subfield><subfield code="b">[s.n.]</subfield></datafield><datafield ind1=" " ind2=" " tag="500"><subfield code="a">"A Panax newspaper"</subfield></datafield><datafield ind1=" " ind2=" " tag="936"><subfield code="a">Apr. 11, 1978</subfield></datafield></record>